<collection xmlns="http://www.loc.gov/MARC21/slim"><record><leader>00589nam  2200193   450</leader><controlfield tag="001">419</controlfield><controlfield tag="003">http://montalegre.opacnet.com/OPAC/default.aspx?ContentAreaControl=ShowRegHoldings.ascx&amp;RegNo=16662</controlfield><datafield tag="095" ind1=" " ind2=" "><subfield code="a">PTBN00373713</subfield></datafield><datafield tag="100" ind1=" " ind2=" "><subfield code="a">19920708d1928    km y0pory010305  ba</subfield></datafield><datafield tag="101" ind1="1" ind2=" "><subfield code="a">por</subfield></datafield><datafield tag="102" ind1=" " ind2=" "><subfield code="a">PT</subfield></datafield><datafield tag="200" ind1="1" ind2=" "><subfield code="a">Flor do lar</subfield><subfield code="a">Flor do claustro</subfield><subfield code="f">M. Delly</subfield><subfield code="g">trad. portuguesa de Sousa Martins</subfield></datafield><datafield tag="205" ind1=" " ind2=" "><subfield code="a">Nova ed</subfield></datafield><datafield tag="210" ind1=" " ind2=" "><subfield code="a">Porto</subfield><subfield code="c">A. Figueirinhas</subfield><subfield code="d">1928</subfield></datafield><datafield tag="215" ind1=" " ind2=" "><subfield code="a">291 p.</subfield><subfield code="d">19 cm</subfield></datafield><datafield tag="517" ind1="1" ind2=" "><subfield code="a">Flor do claustro</subfield></datafield><datafield tag="700" ind1=" " ind2="0"><subfield code="a">Delly</subfield><subfield code="c">pseud</subfield></datafield><datafield tag="702" ind1=" " ind2="1"><subfield code="a">Martins</subfield><subfield code="b">Sousa</subfield><subfield code="4">730</subfield></datafield><datafield tag="801" ind1=" " ind2="0"><subfield code="a">PT</subfield><subfield code="b">Biblioteca Municipal de Montalegre</subfield><subfield code="g">RPC</subfield></datafield><datafield tag="909" ind1="&#9;" ind2=" "><subfield code="a">1</subfield></datafield><datafield tag="966" ind1=" " ind2=" "><subfield code="a">0008249</subfield><subfield code="l">BMM</subfield><subfield code="s">SCG 821 DEL flo 17</subfield></datafield></record></collection>